<?xml version="1.0" encoding="UTF-8"?><collection xmlns="http://www.loc.gov/MARC21/slim"><record><leader>00546nam--2200193-u-4500</leader><controlfield tag="001">000053418</controlfield><controlfield tag="002">20161230</controlfield><controlfield tag="005">20161230201051</controlfield><controlfield tag="008">110404s1000------------r-----000-0-eng-d</controlfield><datafield ind1=" " ind2=" " tag="020"><subfield code="a">0521456924</subfield></datafield><datafield ind1=" " ind2=" " tag="040"><subfield code="a">IFIN-HH</subfield></datafield><datafield ind1=" " ind2=" " tag="080"><subfield code="a">530.145</subfield></datafield><datafield ind1="1" ind2=" " tag="100"><subfield code="a">Veltman, Martinus</subfield></datafield><datafield ind1="1" ind2="0" tag="245"><subfield code="a">Diagrammatica</subfield><subfield code="b">The path to feynman diagrams</subfield><subfield code="c">Marrtinus veltman</subfield></datafield><datafield ind1=" " ind2=" " tag="260"><subfield code="a">Cambridge</subfield><subfield code="b">Cambridge University Press</subfield><subfield code="c">1995</subfield></datafield><datafield ind1=" " ind2=" " tag="300"><subfield code="a">284P</subfield></datafield><datafield ind1=" " ind2=" " tag="490"><subfield code="a">Cambridge Lecture Notes In Physics</subfield><subfield code="v">Vol. 4</subfield></datafield><datafield ind1=" " ind2=" " tag="852"><subfield code="a">81374</subfield><subfield code="c">530.145</subfield></datafield><datafield ind1=" " ind2=" " tag="CAT"><subfield code="a">Sys</subfield><subfield code="c">20110404</subfield><subfield code="h">090747</subfield></datafield></record></collection>